<record><leader>00000cas a22000007a 4500</leader><controlfield tag="001">14218186</controlfield><controlfield tag="008">860915d188u1904iauwr ne      0    0eng d</controlfield><datafield ind1=" " ind2=" " tag="010"><subfield code="a">sn 86060186 </subfield></datafield><datafield ind1=" " ind2=" " tag="040"><subfield code="a">INP</subfield><subfield code="b">eng</subfield><subfield code="c">INP</subfield><subfield code="d">OCLCQ</subfield></datafield><datafield ind1=" " ind2=" " tag="042"><subfield code="a">msc</subfield></datafield><datafield ind1="0" ind2="4" tag="245"><subfield code="a">The Fairfield weekly journal.</subfield></datafield><datafield ind1="3" ind2="0" tag="246"><subfield code="a">Fairfield journal</subfield></datafield><datafield ind1="1" ind2="3" tag="246"><subfield code="a">Weekly journal</subfield><subfield code="f">Aug. 9, 1894-Jan. 8, 1896</subfield></datafield><datafield ind1=" " ind2=" " tag="250"><subfield code="a">Weekly ed.</subfield></datafield><datafield ind1=" " ind2=" " tag="260"><subfield code="a">Fairfield, Jefferson County, Iowa :</subfield><subfield code="b">R.H. Moore</subfield></datafield><datafield ind1=" " ind2=" " tag="300"><subfield code="a">v. :</subfield><subfield code="b">ill. ;</subfield><subfield code="c">48-63 cm.</subfield></datafield><datafield ind1=" " ind2=" " tag="310"><subfield code="a">Weekly</subfield></datafield><datafield ind1="1" ind2=" " tag="362"><subfield code="a">Began in Jan. 1884?; ceased in June 1904.</subfield></datafield><datafield ind1=" " ind2=" " tag="500"><subfield code="a">Published as: Fairfield journal, Jan. 8-29, 1896.</subfield></datafield><datafield ind1=" " ind2=" " tag="500"><subfield code="a">Publisher varies.</subfield></datafield><datafield ind1=" " ind2=" " tag="515"><subfield code="a">Issues for Jan. 8, 1896-&lt;June 8, 1904&gt; lack vol. numbering.</subfield></datafield><datafield ind1=" " ind2=" " tag="515"><subfield code="a">Year 16, no. 38 (Aug. 16, 1894) misnumbered year 16, no. 83.</subfield></datafield><datafield ind1=" " ind2=" " tag="525"><subfield code="a">Includes occasional supplements.</subfield></datafield><datafield ind1=" " ind2=" " tag="588"><subfield code="a">Description based on: Vol. 6, no. 13 (Jan. 24, 1884).</subfield></datafield><datafield ind1=" " ind2=" " tag="752"><subfield code="a">United States</subfield><subfield code="b">Iowa</subfield><subfield code="c">Jefferson</subfield><subfield code="d">Fairfield.</subfield></datafield><datafield ind1="0" ind2=" " tag="775"><subfield code="t">Fairfield daily journal (Fairfield, Iowa : 1883)</subfield><subfield code="w">(DLC)sn 86060184</subfield></datafield><datafield ind1="0" ind2="0" tag="780"><subfield code="t">Fairfield journal (Fairfield, Iowa : 1880)</subfield><subfield code="w">(DLC)sn 86060187</subfield></datafield><datafield ind1="0" ind2="0" tag="785"><subfield code="t">Fairfield journal (Fairfield, Iowa : 1904)</subfield><subfield code="w">(DLC)sn 86060185</subfield></datafield></record>